@online{androidhistory,
	author   = {{Bidouille.org}},
	title    = {Android version distribution history},
	url      = {https://www.bidouille.org/misc/androidcharts},
	urldate  = {2020-07-16},
	keywords = {citations},
}

@online{androidarchitecture,
	author   = {{Google Developers}},
	title    = {Guide to app architecture},
	url      = {https://developer.android.com/jetpack/guide},
	urldate  = {2020-07-16},
	keywords = {citations},
}

@online{supportlibraries,
	author   = {{Google Developers}},
	title    = {Support Library},
	url      = {https://developer.android.com/topic/libraries/support-library},
	urldate  = {2020-07-16},
	keywords = {citations},
}

@online{androidjetpack,
	author   = {{Google Developers}},
	title    = {AndroidX Overview},
	url      = {https://developer.android.com/jetpack/androidx},
	urldate  = {2020-07-16},
	keywords = {citations},
}

@online{androidkotlin,
	author   = {{Google Developers}},
	title    = {Develop Android apps with Kotlin},
	url      = {https://developer.android.com/kotlin},
	urldate  = {2020-07-16},
	keywords = {citations},
}

@online{supportlibrariesversions,
	author   = {{Google Developers}},
	title    = {Version Support and Package Names},
	url      = {https://developer.android.com/topic/libraries/support-library#api-versions},
	urldate  = {2020-07-23},
	keywords = {citations},
}

@online{androidxmigration,
	author   = {{Google Developers}},
	title    = {Using androidx libraries in your project},
	url      = {https://developer.android.com/jetpack/androidx#using_androidx_libraries_in_your_project},
	urldate  = {2020-07-23},
	keywords = {citations},
}

@online{jetpackcount,
	author   = {{Google Developers}},
	title    = {Jetpack libraries},
	url      = {https://developer.android.com/jetpack/androidx/versions#version-table},
	urldate  = {2020-07-23},
	keywords = {citations},
}

@online{viewperformance,
	author   = {{Google Developers}},
	title    = {Manage complexity: layouts matter},
	url      = {https://developer.android.com/topic/performance/rendering/optimizing-view-hierarchies#managing},
	urldate  = {2020-07-25},
	keywords = {citations},
}

@online{bcrypt,
	author   = {Dan Arias},
	title    = {Hashing in Action: Understanding bcrypt},
	url      = {https://auth0.com/blog/hashing-in-action-understanding-bcrypt/},
	urldate  = {2020-08-25},
	keywords = {citations},
}

@online{androidjetpacklibraries,
	author   = {{Google Developers}},
	title    = {Explore the Jetpack libraries},
	url      = {https://developer.android.com/jetpack/androidx/explorer},
	urldate  = {2020-07-16},
	keywords = {sources},
}

@online{retrofit,
	author   = {{Square}},
	title    = {Retrofit},
	url      = {https://square.github.io/retrofit/},
	urldate  = {2020-07-16},
	keywords = {sources},
}

@online{moshi,
	author   = {{Square}},
	title    = {Moshi},
	url      = {https://github.com/square/moshi},
	urldate  = {2020-07-16},
	keywords = {sources},
}

@online{glide,
	author   = {{Bump Technologies}},
	title    = {About Glide},
	url      = {https://bumptech.github.io/glide/},
	urldate  = {2020-07-16},
	keywords = {sources},
}

@online{imagepicker,
	author   = {Dhaval Patel},
	title    = {Image Picker Library for Android},
	url      = {https://github.com/Dhaval2404/ImagePicker},
	urldate  = {2020-07-16},
	keywords = {sources},
}

@online{prettytime,
	author   = {{ocpsoft}},
	title    = {prettytime},
	url      = {https://www.ocpsoft.org/prettytime/},
	urldate  = {2020-07-16},
	keywords = {sources},
}

@online{timber,
	author   = {Jake Wharton},
	title    = {Timber},
	url      = {https://github.com/JakeWharton/timber},
	urldate  = {2020-07-16},
	keywords = {sources},
}

@online{ktor,
	author   = {{JetBrains}},
	title    = {Ktor},
	url      = {https://ktor.io/},
	urldate  = {2020-07-16},
	keywords = {sources},
}

@online{koin,
	author   = {{InsertKoin.io}},
	title    = {Koin},
	url      = {https://insert-koin.io/},
	urldate  = {2020-07-16},
	keywords = {sources},
}

@online{kmongo,
	author   = {{Litote}},
	title    = {KMongo - a Kotlin toolkit for Mongo},
	url      = {https://litote.org/kmongo/},
	urldate  = {2020-07-16},
	keywords = {sources},
}

@online{jbcrypt,
	author   = {Damien Miller},
	title    = {jBCrypt},
	url      = {https://www.mindrot.org/projects/jBCrypt/},
	urldate  = {2020-07-16},
	keywords = {sources},
}

@online{arkenv,
	author   = {{aPureBase}},
	title    = {Arkenv},
	url      = {https://apurebase.gitlab.io/arkenv/},
	urldate  = {2020-07-16},
	keywords = {sources},
}

@online{dockersecrets,
	author   = {{Cars.com}},
	title    = {Docker Secrets},
	url      = {https://github.com/carsdotcom/docker-secrets-java},
	urldate  = {2020-07-16},
	keywords = {sources},
}

